<record><leader>00000cas a22000007a 4500</leader><controlfield tag="001">9398280</controlfield><controlfield tag="008">830411d19232009paudn ne      0    0eng d</controlfield><datafield ind1=" " ind2=" " tag="010"><subfield code="a">sn 83045277 </subfield></datafield><datafield ind1=" " ind2=" " tag="040"><subfield code="a">CRL</subfield><subfield code="b">eng</subfield><subfield code="c">CRL</subfield><subfield code="d">NPW</subfield><subfield code="d">DLC</subfield><subfield code="d">NPH</subfield><subfield code="d">CNW</subfield><subfield code="d">OCLCQ</subfield><subfield code="d">UPM</subfield><subfield code="d">OCLCF</subfield></datafield><datafield ind1="1" ind2=" " tag="029"><subfield code="a">AU@</subfield><subfield code="b">000025811533</subfield></datafield><datafield ind1="1" ind2=" " tag="029"><subfield code="a">NZ1</subfield><subfield code="b">16076036</subfield></datafield><datafield ind1=" " ind2=" " tag="042"><subfield code="a">msc</subfield></datafield><datafield ind1=" " ind2=" " tag="043"><subfield code="a">n-us-pa</subfield></datafield><datafield ind1="0" ind2="0" tag="050"><subfield code="a">Newspaper</subfield></datafield><datafield ind1="0" ind2="0" tag="245"><subfield code="a">Lancaster new era.</subfield></datafield><datafield ind1="1" ind2="3" tag="246"><subfield code="a">Lancaster new era and examiner</subfield></datafield><datafield ind1="1" ind2="7" tag="246"><subfield code="a">New era</subfield></datafield><datafield ind1=" " ind2=" " tag="260"><subfield code="a">Lancaster, Pa. :</subfield><subfield code="b">New Era Pub. Corp.,</subfield><subfield code="c">1923-</subfield></datafield><datafield ind1=" " ind2=" " tag="300"><subfield code="a">v. :</subfield><subfield code="b">ill. ;</subfield><subfield code="c">57 cm.</subfield></datafield><datafield ind1=" " ind2=" " tag="310"><subfield code="a">Daily (except Sun.)</subfield></datafield><datafield ind1="0" ind2=" " tag="362"><subfield code="a">Aug. 30, 1923-</subfield></datafield><datafield ind1="1" ind2=" " tag="362"><subfield code="a">Ceased in June 2009.</subfield></datafield><datafield ind1=" " ind2=" " tag="515"><subfield code="a">Issues for &lt;Apr. 13, 1945&gt; called also &lt;68th year, no. 21068&gt;.</subfield></datafield><datafield ind1=" " ind2=" " tag="580"><subfield code="a">March 2008-June 2009, Saturday and holiday edition co-produced with: Intelligencer journal, as: Intelligencer journal/Lancaster new era, which continues both newspapers after their merger as a single daily beginning June 29, 2009.</subfield></datafield><datafield ind1=" " ind2="0" tag="651"><subfield code="a">Lancaster (Pa.)</subfield><subfield code="v">Newspapers.</subfield></datafield><datafield ind1=" " ind2="7" tag="655"><subfield code="a">Newspapers.</subfield><subfield code="2">fast</subfield><subfield code="0">(OCoLC)fst01423814</subfield></datafield><datafield ind1=" " ind2="7" tag="651"><subfield code="a">Pennsylvania</subfield><subfield code="z">Lancaster.</subfield><subfield code="2">fast</subfield><subfield code="0">(OCoLC)fst01206374</subfield></datafield><datafield ind1=" " ind2=" " tag="752"><subfield code="a">United States</subfield><subfield code="b">Pennsylvania</subfield><subfield code="c">Lancaster</subfield><subfield code="d">Lancaster.</subfield></datafield><datafield ind1="0" ind2="0" tag="780"><subfield code="t">Lancaster new era and examiner</subfield><subfield code="w">(DLC)sn 87078096</subfield></datafield><datafield ind1="1" ind2="4" tag="780"><subfield code="t">Intelligencer journal</subfield><subfield code="x">0889-4140</subfield><subfield code="w">(DLC)sn 86001804</subfield><subfield code="w">(OCoLC)2262429</subfield></datafield><datafield ind1="1" ind2="4" tag="780"><subfield code="t">Intelligencer journal/Lancaster new era.</subfield><subfield code="w">(OCoLC)421037464</subfield></datafield></record>